@BOOK{Barber2012,
author = {Barber, D.},
title= {{Bayesian Reasoning and Machine Learning}},
publisher = {{Cambridge University Press}},
year = 2012}

@book{Bishop2006,
 author = {Bishop, Christopher M.},
 title = {Pattern Recognition and Machine Learning (Information Science and Statistics)},
 year = {2006},
 isbn = {0387310738},
 publisher = {Springer-Verlag New York, Inc.},
 address = {Secaucus, NJ, USA},
}

@article{Blei2017,
  title={Variational inference:  a review for statisticians},
  author={Blei, DM and Kucukelbir, A and McAuliffe,  JD},
  journal={Journal of the American Statistical Association vol 112 Iss 518},
  year={2017}
}

@book{Jaynes2003,
  added-at = {2008-11-22T09:44:27.000+0100},
  author = {Jaynes, E.T. and Bretthorst, G.L.},
  biburl = {http://www.bibsonomy.org/bibtex/2652057598ed5da2478e14e518f19229d/mokukkon},
  interhash = {5637e120537dc7e09dfb41cde090df45},
  intrahash = {652057598ed5da2478e14e518f19229d},
  keywords = {imported mathematics probability},
  publisher = {Cambridge University Press Cambridge:},
  timestamp = {2008-11-22T09:44:27.000+0100},
  title = {{Probability Theory: The Logic of Science}},
  year = 2003
}

@book{Koller2009,
  title = {Probabilistic Graphical Models: Principles and Techniques},
  author = {D. Koller and N. Friedman},
  year = 2009,
  publisher = {MIT Press},
}

@article{Kroc2012survey,
  title={Survey propagation revisited},
  author={Kroc, Lukas and Sabharwal, Ashish and Selman, Bart},
  journal={arXiv preprint arXiv:1206.5273},
  year={2012}
}

@book{MacKay2003,
  added-at = {2006-04-06T10:25:12.000+0200},
  author = {MacKay, David},
  biburl = {http://www.bibsonomy.org/bibtex/20eef0d82959d75534565db4a961134b7/gromgull},
  interhash = {86f621d9d6f9f159448f768d792d4511},
  intrahash = {0eef0d82959d75534565db4a961134b7},
  keywords = {inference informationtheory},
  publisher = {Cambridge University Press},
  timestamp = {2006-04-06T10:25:12.000+0200},
  title = {Information Theory, Inference, and Learning Algorithms},
  url = {http://www.inference.phy.cam.ac.uk/mackay/itila/book.html},
  year = {2003)}
}

@INPROCEEDINGS{Merwe2003DSSM,
  author = "van der Merwe, R. and Wan, E.",
  title = "Gaussian Mixture Sigma-Point Particle Filters for Sequential Probabilistic Inference in Dynamic State-Space Models",
  year = 2003,
  month = "April",
  address = "Hong Kong",
  booktitle = "Proceedings of the International Conference on Acoustics, Speech and Signal Processing (ICASSP)",
  organization = "IEEE",
  original = "http://cslu.cse.ogi.edu/publications/ps/merwe03.ps.gz",
  url = "http://cslu.cse.ogi.edu/publications/ps/merwe03.ps.gz"
}

@INPROCEEDINGS{Merwe2003GMM,
    author = {Rudolph Merwe and Eric Wan},
    title = {Gaussian Mixture Sigma-Point Particle Filters for Sequential Probabilistic Inference in Dynamic State-Space Models},
    booktitle = {In Proceedings of the International Conference on Acoustics, Speech, and Signal Processing (ICASSP), Hong Kong},
    year = {2003},
    pages = {701--704},
    publisher = {IEEE}
}

@book{Murphy2012,
title = {Machine learning: a probabilistic perspective},
author  = {Murphy, Kevin P},
year  = 2012,
publisher = {MIT Press},
address = {Cambridge, MA}
}

@article{Nydick2012,
  title={The Wishart and Inverse Wishart Distributions},
  author={Nydick, Steven W.},
  journal={International Journal of Electronics and Communication},
  volume = {22},
  pages = {119--139},
  year={2012}
}

@inproceedings{Streicher2017,
 author = {Streicher, Simon and du Preez, Johan},
 title = {Graph Coloring: Comparing Cluster Graphs to Factor Graphs},
 booktitle = {Proceedings of the ACM Multimedia 2017 Workshop on South African Academic Participation},
 series = {SAWACMMM '17},
 year = {2017},
 isbn = {978-1-4503-5505-6},
 location = {Mountain View, California, USA},
 pages = {35--42},
 numpages = {8},
 url = {http://doi.acm.org/10.1145/3132711.3132717},
 doi = {10.1145/3132711.3132717},
 acmid = {3132717},
 publisher = {ACM},
 address = {New York, NY, USA},
 keywords = {factor graphs, probabilistic reasoning algorithms, probabilistic representations},
}

@book{Wainwright2008,
title = {Graphical models, exponential families and variational inference},
author  = {Wainwright, MJ and Jordan, MI},
year  = 2008,
publisher = {NOW Publications},
}

@misc{WikiExpFam2019,
  author={Wikipedia},
  title={Exponential family},
  year={2019},
  howpublished={https://en.wikipedia.org/wiki/Exponential\_family},
  note={[Online; accessed 04-May-2019]},
}

@PHDTHESIS{Winn2003,
  author = {Winn, John M},
  title = {Variational Message Passing and its Applications},
  school = {Cavendish Laboratory, University of Cambridge},
  year = {2003, updated 2004},
}

@ARTICLE{Winn2005,
    author = {John Winn and Christopher M. Bishop},
    title = {Variational message passing},
    journal = {JOURNAL OF MACHINE LEARNING RESEARCH},
    year = {2005},
    volume = {6},
    pages = {661--694}
}